@misc{maubert2009fundamentos,
  title={Fundamentos de marketing},
  author={Maubert, Claudio and Garnica, CH},
  year={2009},
  publisher={M{\'e}xico: Pearson}
}
@misc{chalise2025mechanical,
  title={Mechanical Automation with Vision: A Design for Rubikâ€™s Cube Solver},
  author={Chalise, Ashish and Pradhan, Nischal Gautam and Khanal, Nishan and Bista, Pramesh Raj and Kshatri, Dinesh Bahadur},
  year={2025},
  publisher={arXiv preprint arXiv:2508.12469},
  howpublished={\url{https://arxiv.org/abs/2508.12469}}
}
